<record><leader>00000cas a22000007a 4500</leader><controlfield tag="001">24302910</controlfield><controlfield tag="008">910828u1961uuuunjuwr ne      0   a0eng c</controlfield><controlfield tag="009">7722</controlfield><datafield ind1=" " ind2=" " tag="010"><subfield code="a">sn 91064034 </subfield></datafield><datafield ind1=" " ind2=" " tag="040"><subfield code="a">NJW</subfield><subfield code="b">eng</subfield><subfield code="c">NJW</subfield><subfield code="d">NSD</subfield><subfield code="d">OCL</subfield><subfield code="d">OCLCQ</subfield></datafield><datafield ind1=" " ind2=" " tag="012"><subfield code="m">1</subfield></datafield><datafield ind1="1" ind2=" " tag="022"><subfield code="a">1085-262X</subfield><subfield code="l">1085-262X</subfield><subfield code="2">1</subfield></datafield><datafield ind1="1" ind2=" " tag="029"><subfield code="a">AU@</subfield><subfield code="b">000022800726</subfield></datafield><datafield ind1=" " ind2=" " tag="032"><subfield code="a">326460</subfield><subfield code="b">USPS</subfield></datafield><datafield ind1=" " ind2=" " tag="037"><subfield code="b">Mainland Journal, P.O. Box 275, Pleasantville, NJ 08232</subfield><subfield code="c">$21.00</subfield></datafield><datafield ind1=" " ind2=" " tag="042"><subfield code="a">nsdp</subfield><subfield code="a">pcc</subfield></datafield><datafield ind1=" " ind2="0" tag="222"><subfield code="a">Mainland journal</subfield></datafield><datafield ind1="0" ind2="0" tag="245"><subfield code="a">Mainland journal.</subfield></datafield><datafield ind1="1" ind2="3" tag="246"><subfield code="a">Pleasantville mainland press mainland journal</subfield><subfield code="f">71st year, no. 41 (Oct. 26, 1961)-71st year, no. 42 (Nov. 2, 1961)</subfield></datafield><datafield ind1=" " ind2=" " tag="260"><subfield code="a">Pleasantville, N.J. :</subfield><subfield code="b">John A. Hinman,</subfield></datafield><datafield ind1=" " ind2=" " tag="300"><subfield code="a">v.</subfield></datafield><datafield ind1=" " ind2=" " tag="310"><subfield code="a">Weekly</subfield></datafield><datafield ind1="0" ind2=" " tag="362"><subfield code="a">71st year, no. 41 (Oct. 26, 1961)-</subfield></datafield><datafield ind1=" " ind2=" " tag="500"><subfield code="a">Publisher: Gannett Satellite Information Network, &lt;1995-</subfield></datafield><datafield ind1=" " ind2=" " tag="752"><subfield code="a">United States</subfield><subfield code="b">New Jersey</subfield><subfield code="c">Atlantic</subfield><subfield code="d">Pleasantville.</subfield></datafield><datafield ind1="0" ind2="0" tag="780"><subfield code="t">Pleasantville mainland press</subfield><subfield code="w">(DLC)sn 91064033</subfield><subfield code="w">(OCoLC)24302779</subfield></datafield><datafield ind1=" " ind2=" " tag="936"><subfield code="a">Vol. 105, no. 36 (Sept. 7, 1995) LIC</subfield></datafield></record>